<record><leader>00000cas a22000007a 4500</leader><controlfield tag="001">12622525</controlfield><controlfield tag="008">851001d18991981scudn ne      0    0eng  </controlfield><datafield ind1=" " ind2=" " tag="010"><subfield code="a">sn 85042526 </subfield></datafield><datafield ind1=" " ind2=" " tag="040"><subfield code="a">DLC</subfield><subfield code="b">eng</subfield><subfield code="c">DLC</subfield><subfield code="d">NPT</subfield><subfield code="d">NLG</subfield><subfield code="d">DLC</subfield><subfield code="d">NYS</subfield><subfield code="d">SVN</subfield><subfield code="d">NSD</subfield><subfield code="d">DLC</subfield><subfield code="d">OCLCQ</subfield></datafield><datafield ind1=" " ind2=" " tag="042"><subfield code="a">msc</subfield></datafield><datafield ind1="0" ind2="0" tag="050"><subfield code="a">Newspaper</subfield></datafield><datafield ind1="0" ind2=" " tag="130"><subfield code="a">Daily mail (Anderson, S.C.)</subfield></datafield><datafield ind1="1" ind2="4" tag="245"><subfield code="a">The daily mail.</subfield></datafield><datafield ind1="3" ind2="0" tag="246"><subfield code="a">Anderson daily mail</subfield></datafield><datafield ind1=" " ind2=" " tag="260"><subfield code="a">Anderson, S.C. :</subfield><subfield code="b">Advocate Pub. Co.</subfield></datafield><datafield ind1=" " ind2=" " tag="300"><subfield code="a">v.</subfield></datafield><datafield ind1=" " ind2=" " tag="310"><subfield code="a">Daily (except Sat. and Sun.),</subfield><subfield code="b">&lt;Aug. 1, 1973&gt; - Sept. 29, 1981</subfield></datafield><datafield ind1=" " ind2=" " tag="321"><subfield code="a">Daily (except Mon.),</subfield><subfield code="b">&lt;Oct. 6, 1899&gt; - Jan. 29, 1905</subfield></datafield><datafield ind1=" " ind2=" " tag="321"><subfield code="a">Daily (except Sun.),</subfield><subfield code="b">Jan. 30, 1905 - &lt;Oct. 27, 1971&gt;</subfield></datafield><datafield ind1="1" ind2=" " tag="362"><subfield code="a">Began in 1899.</subfield><subfield code="z">Moore, South Carolina newspapers.</subfield></datafield><datafield ind1="0" ind2=" " tag="362"><subfield code="a">-Sept. 29, 1981.</subfield></datafield><datafield ind1=" " ind2=" " tag="588"><subfield code="a">Description based on: Jan. 20, 1900.</subfield></datafield><datafield ind1=" " ind2="4" tag="651"><subfield code="a">Anderson County (S.C.)</subfield><subfield code="v">Newspapers.</subfield></datafield><datafield ind1=" " ind2=" " tag="752"><subfield code="a">United States</subfield><subfield code="b">South Carolina</subfield><subfield code="c">Anderson</subfield><subfield code="d">Anderson.</subfield></datafield><datafield ind1="0" ind2=" " tag="775"><subfield code="t">People's advocate (Anderson, S.C.)</subfield><subfield code="w">(DLC)sn 93067677</subfield></datafield><datafield ind1="0" ind2="7" tag="785"><subfield code="t">Anderson independent (Anderson, S.C. : 1944)</subfield><subfield code="w">(DLC)sn 93067663</subfield></datafield><datafield ind1="0" ind2="7" tag="785"><subfield code="t">Anderson independent-mail</subfield><subfield code="x">1093-9318</subfield><subfield code="w">(DLC)sn 93067647</subfield></datafield><datafield ind1="1" ind2=" " tag="029"><subfield code="a">AU@</subfield><subfield code="b">000026224760</subfield></datafield></record>